@article{Lima:2013,
        author = {{Lima}, B. and {Mendes}, M. and {Alves}, H.},
        journal = {Portuguese Journal of Nephrology & Hypertension},
        number = {4},
        pages = {313--316},
        title = {{Kidney Transplant allocation in Portugal}},
        url = {http://www.bbg01.com/cdn/clientes/spnefro/pjnh/46/artigo_14.pdf},
        volume = {27},
        year = {2013}
}

@article{Lima:2020,
        author = {{Lima}, B. and {Alves}, H.},
        doi = {10.32932/pjnh.2020.07.070},
        issn = {08720169},
        journal = {Portuguese Journal of Nephrology & Hypertension},
        number = {2},
        pages = {76--78},
        title = {{Access to kidney transplantation: a bioethical perspective}},
        volume = 34,
        year = 2020,
        url = {https://cdn02.spnefro.pt/advaccess/253/Nefro342PerspectiveAccesstokidneytransplantation.pdf}
}

@article{Geddes:2005,
        author = {{Geddes}, C. and {Rodger}, R. and {Smith}, C. and {Ganai}, A.},
        doi = {10.1053/j.ajkd.2005.07.031},
        issn = {02726386},
        journal = {American Journal of Kidney Diseases},
        keywords = {Deceased donor,Equity of access,HLA mismatch,Hemodialysis (HD),Kidney transplantation,Organ allocation,Patient opinion,Questionnaire,Recipient age,Recipient sex,Utility,Waiting time},
        number = {5},
        pages = {949--956},
        title = {{Allocation of deceased donor kidneys for transplantation: Opinions of patients with CKD}},
        volume = {46},
        year = {2005}
}

@article{Molnar:2018,
        author = {{Molnar}, M. and {Nguyen}, D. and {Chen}, Y. and {Ravel}, V. and {Streja}, E. and {Krishnan}, M. and {Kovesdy}, C. and {Kalantar-zadeh}, K.},
        doi = {10.1097/TP.0000000000001326},
        journal = {Transplantation},
        number = {6},
        pages = {1353--1364},
        title = {{Predictive Score for Posttransplantation Outcomes}},
        volume = {101},
        year = {2018}
}

@misc{histoc,
      title = {histoc: Histocompatibility functions for organ transplantation},
      author = {{Lima}, B. and {Reis}, F.},
      year = {2022},
      organization = {Transplant Open Registry},
      note = {R package version 0.2.0},
      url = {https://txopen.github.io/histoc/},
}

@misc{simK,
      title = {simK: Synthetic Data on Kidney Transplantation},
      author = {{Lima}, B.},
      organization = {Transplant Open Registry},
      year = {2022},
      url = {https://txopen.github.io/simK/},
      note = {R package version 0.1.2},
}

@misc{R,
      title = {R: A Language and Environment for Statistical Computing},
      author = {{R Core Team}},
      organization = {R Foundation for Statistical Computing},
      address = {Vienna, Austria},
      year = {2021},
      url = {https://www.R-project.org/},
}

@misc{data.table,
      title = {data.table: Extension of `data.frame`},
      author = {{Dowle}, M. and {Srinivasan}, A.},
      year = {2021},
      note = {R package version 1.14.2},
      url = {https://CRAN.R-project.org/package=data.table},
}

@misc{ET,
      author = {EuroTransplant},
      title = {{ETKAS and ESP}},
      url = {https://www.eurotransplant.org/allocation/eurotransplant-manual/},
      year = {2020}
}

@misc{UK,
      author = {National Health Service Blood and Transplant},
      title = {{UK Transplant Registry, Organ Donation and Transplantation}},
      url = {http://odt.nhs.uk/uk-transplant-registry/data/},
      year = {2017}
}
